%YAML 1.1
%TAG !u! tag:unity3d.com,2011:
--- !u!29 &1
OcclusionCullingSettings:
  m_ObjectHideFlags: 0
  serializedVersion: 2
  m_OcclusionBakeSettings:
    smallestOccluder: 5
    smallestHole: 0.25
    backfaceThreshold: 100
  m_SceneGUID: 00000000000000000000000000000000
  m_OcclusionCullingData: {fileID: 0}
--- !u!104 &2
RenderSettings:
  m_ObjectHideFlags: 0
  serializedVersion: 8
  m_Fog: 0
  m_FogColor: {r: 0.5, g: 0.5, b: 0.5, a: 1}
  m_FogMode: 3
  m_FogDensity: 0.01
  m_LinearFogStart: 0
  m_LinearFogEnd: 300
  m_AmbientSkyColor: {r: 0.212, g: 0.227, b: 0.259, a: 1}
  m_AmbientEquatorColor: {r: 0.114, g: 0.125, b: 0.133, a: 1}
  m_AmbientGroundColor: {r: 0.047, g: 0.043, b: 0.035, a: 1}
  m_AmbientIntensity: 1
  m_AmbientMode: 0
  m_SubtractiveShadowColor: {r: 0.42, g: 0.478, b: 0.627, a: 1}
  m_SkyboxMaterial: {fileID: 10304, guid: 0000000000000000f000000000000000, type: 0}
  m_HaloStrength: 0.5
  m_FlareStrength: 1
  m_FlareFadeSpeed: 3
  m_HaloTexture: {fileID: 0}
  m_SpotCookie: {fileID: 10001, guid: 0000000000000000e000000000000000, type: 0}
  m_DefaultReflectionMode: 0
  m_DefaultReflectionResolution: 128
  m_ReflectionBounces: 1
  m_ReflectionIntensity: 1
  m_CustomReflection: {fileID: 0}
  m_Sun: {fileID: 0}
  m_IndirectSpecularColor: {r: 0.12731749, g: 0.13414757, b: 0.1210787, a: 1}
--- !u!157 &3
LightmapSettings:
  m_ObjectHideFlags: 0
  serializedVersion: 11
  m_GIWorkflowMode: 0
  m_GISettings:
    serializedVersion: 2
    m_BounceScale: 1
    m_IndirectOutputScale: 1
    m_AlbedoBoost: 1
    m_TemporalCoherenceThreshold: 1
    m_EnvironmentLightingMode: 0
    m_EnableBakedLightmaps: 1
    m_EnableRealtimeLightmaps: 1
  m_LightmapEditorSettings:
    serializedVersion: 9
    m_Resolution: 2
    m_BakeResolution: 40
    m_TextureWidth: 1024
    m_TextureHeight: 1024
    m_AO: 0
    m_AOMaxDistance: 1
    m_CompAOExponent: 1
    m_CompAOExponentDirect: 0
    m_Padding: 2
    m_LightmapParameters: {fileID: 0}
    m_LightmapsBakeMode: 1
    m_TextureCompression: 1
    m_FinalGather: 0
    m_FinalGatherFiltering: 1
    m_FinalGatherRayCount: 256
    m_ReflectionCompression: 2
    m_MixedBakeMode: 2
    m_BakeBackend: 0
    m_PVRSampling: 1
    m_PVRDirectSampleCount: 32
    m_PVRSampleCount: 500
    m_PVRBounces: 2
    m_PVRFilterTypeDirect: 0
    m_PVRFilterTypeIndirect: 0
    m_PVRFilterTypeAO: 0
    m_PVRFilteringMode: 1
    m_PVRCulling: 1
    m_PVRFilteringGaussRadiusDirect: 1
    m_PVRFilteringGaussRadiusIndirect: 5
    m_PVRFilteringGaussRadiusAO: 2
    m_PVRFilteringAtrousPositionSigmaDirect: 0.5
    m_PVRFilteringAtrousPositionSigmaIndirect: 2
    m_PVRFilteringAtrousPositionSigmaAO: 1
    m_ShowResolutionOverlay: 1
  m_LightingDataAsset: {fileID: 0}
  m_UseShadowmask: 1
--- !u!196 &4
NavMeshSettings:
  serializedVersion: 2
  m_ObjectHideFlags: 0
  m_BuildSettings:
    serializedVersion: 2
    agentTypeID: 0
    agentRadius: 0.5
    agentHeight: 2
    agentSlope: 45
    agentClimb: 0.4
    ledgeDropHeight: 0
    maxJumpAcrossDistance: 0
    minRegionArea: 2
    manualCellSize: 0
    cellSize: 0.16666667
    manualTileSize: 0
    tileSize: 256
    accuratePlacement: 0
    debug:
      m_Flags: 0
  m_NavMeshData: {fileID: 0}
--- !u!84 &49691544
RenderTexture:
  m_ObjectHideFlags: 0
  m_PrefabParentObject: {fileID: 0}
  m_PrefabInternal: {fileID: 0}
  m_Name: 
  m_ImageContentsHash:
    serializedVersion: 2
    Hash: 00000000000000000000000000000000
  m_ForcedFallbackFormat: 4
  m_DownscaleFallback: 0
  m_Width: 829
  m_Height: 405
  m_AntiAliasing: 1
  m_DepthFormat: 0
  m_ColorFormat: 0
  m_MipMap: 0
  m_GenerateMips: 1
  m_SRGB: 1
  m_UseDynamicScale: 0
  m_BindMS: 0
  m_TextureSettings:
    serializedVersion: 2
    m_FilterMode: 1
    m_Aniso: 1
    m_MipBias: 0
    m_WrapU: 1
    m_WrapV: 1
    m_WrapW: 1
  m_Dimension: 2
  m_VolumeDepth: 1
--- !u!1 &117997859
GameObject:
  m_ObjectHideFlags: 0
  m_PrefabParentObject: {fileID: 0}
  m_PrefabInternal: {fileID: 0}
  serializedVersion: 5
  m_Component:
  - component: {fileID: 117997863}
  - component: {fileID: 117997862}
  - component: {fileID: 117997861}
  - component: {fileID: 117997860}
  m_Layer: 0
  m_Name: Cube
  m_TagString: Untagged
  m_Icon: {fileID: 0}
  m_NavMeshLayer: 0
  m_StaticEditorFlags: 0
  m_IsActive: 1
--- !u!23 &117997860
MeshRenderer:
  m_ObjectHideFlags: 0
  m_PrefabParentObject: {fileID: 0}
  m_PrefabInternal: {fileID: 0}
  m_GameObject: {fileID: 117997859}
  m_Enabled: 1
  m_CastShadows: 1
  m_ReceiveShadows: 1
  m_DynamicOccludee: 1
  m_MotionVectors: 1
  m_LightProbeUsage: 1
  m_ReflectionProbeUsage: 1
  m_Materials:
  - {fileID: 2100000, guid: 015c2f0f9f56ef0459e417c6319c167d, type: 2}
  m_StaticBatchInfo:
    firstSubMesh: 0
    subMeshCount: 0
  m_StaticBatchRoot: {fileID: 0}
  m_ProbeAnchor: {fileID: 0}
  m_LightProbeVolumeOverride: {fileID: 0}
  m_ScaleInLightmap: 1
  m_PreserveUVs: 1
  m_IgnoreNormalsForChartDetection: 0
  m_ImportantGI: 0
  m_StitchLightmapSeams: 0
  m_SelectedEditorRenderState: 3
  m_MinimumChartSize: 4
  m_AutoUVMaxDistance: 0.5
  m_AutoUVMaxAngle: 89
  m_LightmapParameters: {fileID: 0}
  m_SortingLayerID: 0
  m_SortingLayer: 0
  m_SortingOrder: 0
--- !u!65 &117997861
BoxCollider:
  m_ObjectHideFlags: 0
  m_PrefabParentObject: {fileID: 0}
  m_PrefabInternal: {fileID: 0}
  m_GameObject: {fileID: 117997859}
  m_Material: {fileID: 0}
  m_IsTrigger: 0
  m_Enabled: 1
  serializedVersion: 2
  m_Size: {x: 1, y: 1, z: 1}
  m_Center: {x: 0, y: 0, z: 0}
--- !u!33 &117997862
MeshFilter:
  m_ObjectHideFlags: 0
  m_PrefabParentObject: {fileID: 0}
  m_PrefabInternal: {fileID: 0}
  m_GameObject: {fileID: 117997859}
  m_Mesh: {fileID: 10202, guid: 0000000000000000e000000000000000, type: 0}
--- !u!4 &117997863
Transform:
  m_ObjectHideFlags: 0
  m_PrefabParentObject: {fileID: 0}
  m_PrefabInternal: {fileID: 0}
  m_GameObject: {fileID: 117997859}
  m_LocalRotation: {x: 0, y: 0, z: 0, w: 1}
  m_LocalPosition: {x: 1.07, y: 0.7, z: -5.55}
  m_LocalScale: {x: 1, y: 1, z: 1}
  m_Children: []
  m_Father: {fileID: 0}
  m_RootOrder: 3
  m_LocalEulerAnglesHint: {x: 0, y: 0, z: 0}
--- !u!84 &164446660
RenderTexture:
  m_ObjectHideFlags: 0
  m_PrefabParentObject: {fileID: 0}
  m_PrefabInternal: {fileID: 0}
  m_Name: 
  m_ImageContentsHash:
    serializedVersion: 2
    Hash: 00000000000000000000000000000000
  m_ForcedFallbackFormat: 4
  m_DownscaleFallback: 0
  m_Width: 829
  m_Height: 405
  m_AntiAliasing: 1
  m_DepthFormat: 0
  m_ColorFormat: 2
  m_MipMap: 0
  m_GenerateMips: 1
  m_SRGB: 1
  m_UseDynamicScale: 0
  m_BindMS: 0
  m_TextureSettings:
    serializedVersion: 2
    m_FilterMode: 1
    m_Aniso: 1
    m_MipBias: 0
    m_WrapU: 1
    m_WrapV: 1
    m_WrapW: 1
  m_Dimension: 2
  m_VolumeDepth: 1
--- !u!1 &263739911
GameObject:
  m_ObjectHideFlags: 0
  m_PrefabParentObject: {fileID: 0}
  m_PrefabInternal: {fileID: 0}
  serializedVersion: 5
  m_Component:
  - component: {fileID: 263739916}
  - component: {fileID: 263739915}
  - component: {fileID: 263739914}
  - component: {fileID: 263739913}
  - component: {fileID: 263739912}
  m_Layer: 0
  m_Name: Camera
  m_TagString: MainCamera
  m_Icon: {fileID: 0}
  m_NavMeshLayer: 0
  m_StaticEditorFlags: 0
  m_IsActive: 1
--- !u!114 &263739912
MonoBehaviour:
  m_ObjectHideFlags: 0
  m_PrefabParentObject: {fileID: 0}
  m_PrefabInternal: {fileID: 0}
  m_GameObject: {fileID: 263739911}
  m_Enabled: 1
  m_EditorHideFlags: 0
  m_Script: {fileID: 11500000, guid: d2084b587762ffe45b7ee7c1f42d688a, type: 3}
  m_Name: 
  m_EditorClassIdentifier: 
  lobe_config: 3
  num_lobes: 16
  rbuff:
  - {fileID: 1789240111}
  - {fileID: 1505519995}
  - {fileID: 164446660}
  - {fileID: 1714761168}
  energy_buff: {fileID: 0}
  lobe_dirs:
  - {x: 0.9967019, y: 0.07489196, z: 0.03125, w: 0}
  - {x: 0.97050166, y: 0.2221204, z: 0.09375001, w: 0}
  - {x: 0.91908085, y: 0.3617685, z: 0.15625, w: 0}
  - {x: 0.8443706, y: 0.48906732, z: 0.21875, w: 0}
  - {x: 0.74919957, y: 0.5996653, z: 0.28125, w: 0}
  - {x: 0.63721526, y: 0.6897773, z: 0.34375, w: 0}
  - {x: 0.5127854, y: 0.7563148, z: 0.40625, w: 0}
  - {x: 0.38088533, y: 0.79699427, z: 0.46875003, w: 0}
  - {x: 0.2469805, y: 0.810416, z: 0.53125, w: 0}
  - {x: 0.116917185, y: 0.79611015, z: 0.59375006, w: 0}
  - {x: -0.0031536217, y: 0.7545369, z: 0.65625, w: 0}
  - {x: -0.10677042, y: 0.6870215, z: 0.71875, w: 0}
  - {x: -0.1869571, y: 0.5955632, z: 0.78125, w: 0}
  - {x: -0.23547637, y: 0.48232436, z: 0.84375, w: 0}
  - {x: -0.24015112, y: 0.3479057, z: 0.90625, w: 0}
  - {x: -0.16982809, y: 0.18078125, z: 0.96875, w: 0}
  sharpness: 2095.602
  monte_carlo: 0
  integral: 0
  first_pass_shader: {fileID: 4800000, guid: 23e16c0793674534d9594d57541b514d, type: 3}
  normal_buf: {fileID: 49691544}
  tangent_buf: {fileID: 1600256014}
  depth_buf: {fileID: 963301301}
  copy_depth_mat: {fileID: 1308363232}
  clear_tex: {fileID: 879368631}
  sub_cam: {fileID: 0}
  rad_cam: {fileID: 0}
  rad_cam_state: 2
--- !u!81 &263739913
AudioListener:
  m_ObjectHideFlags: 0
  m_PrefabParentObject: {fileID: 0}
  m_PrefabInternal: {fileID: 0}
  m_GameObject: {fileID: 263739911}
  m_Enabled: 1
--- !u!124 &263739914
Behaviour:
  m_ObjectHideFlags: 0
  m_PrefabParentObject: {fileID: 0}
  m_PrefabInternal: {fileID: 0}
  m_GameObject: {fileID: 263739911}
  m_Enabled: 1
--- !u!20 &263739915
Camera:
  m_ObjectHideFlags: 0
  m_PrefabParentObject: {fileID: 0}
  m_PrefabInternal: {fileID: 0}
  m_GameObject: {fileID: 263739911}
  m_Enabled: 1
  serializedVersion: 2
  m_ClearFlags: 2
  m_BackGroundColor: {r: 0, g: 0, b: 0, a: 1}
  m_NormalizedViewPortRect:
    serializedVersion: 2
    x: 0
    y: 0
    width: 1
    height: 1
  near clip plane: 0.3
  far clip plane: 1000
  field of view: 60
  orthographic: 0
  orthographic size: 5
  m_Depth: -1
  m_CullingMask:
    serializedVersion: 2
    m_Bits: 4294967295
  m_RenderingPath: 1
  m_TargetTexture: {fileID: 0}
  m_TargetDisplay: 0
  m_TargetEye: 3
  m_HDR: 1
  m_AllowMSAA: 0
  m_AllowDynamicResolution: 0
  m_ForceIntoRT: 0
  m_OcclusionCulling: 1
  m_StereoConvergence: 10
  m_StereoSeparation: 0.022
--- !u!4 &263739916
Transform:
  m_ObjectHideFlags: 0
  m_PrefabParentObject: {fileID: 0}
  m_PrefabInternal: {fileID: 0}
  m_GameObject: {fileID: 263739911}
  m_LocalRotation: {x: 0, y: 0, z: 0, w: 1}
  m_LocalPosition: {x: 0, y: 1, z: -7.15}
  m_LocalScale: {x: 1, y: 1, z: 1}
  m_Children: []
  m_Father: {fileID: 0}
  m_RootOrder: 0
  m_LocalEulerAnglesHint: {x: 0, y: 0, z: 0}
--- !u!1 &285096538
GameObject:
  m_ObjectHideFlags: 0
  m_PrefabParentObject: {fileID: 0}
  m_PrefabInternal: {fileID: 0}
  serializedVersion: 5
  m_Component:
  - component: {fileID: 285096540}
  - component: {fileID: 285096539}
  m_Layer: 0
  m_Name: RBLight
  m_TagString: Untagged
  m_Icon: {fileID: 0}
  m_NavMeshLayer: 0
  m_StaticEditorFlags: 0
  m_IsActive: 1
--- !u!114 &285096539
MonoBehaviour:
  m_ObjectHideFlags: 0
  m_PrefabParentObject: {fileID: 0}
  m_PrefabInternal: {fileID: 0}
  m_GameObject: {fileID: 285096538}
  m_Enabled: 1
  m_EditorHideFlags: 0
  m_Script: {fileID: 11500000, guid: c07eee35df7ff694bbac722bc726b97e, type: 3}
  m_Name: 
  m_EditorClassIdentifier: 
  intensity: 1
--- !u!4 &285096540
Transform:
  m_ObjectHideFlags: 0
  m_PrefabParentObject: {fileID: 0}
  m_PrefabInternal: {fileID: 0}
  m_GameObject: {fileID: 285096538}
  m_LocalRotation: {x: 0, y: 0, z: 0, w: 1}
  m_LocalPosition: {x: 0.08, y: 1.58, z: -7.75}
  m_LocalScale: {x: 1, y: 1, z: 1}
  m_Children: []
  m_Father: {fileID: 0}
  m_RootOrder: 2
  m_LocalEulerAnglesHint: {x: 0, y: 0, z: 0}
--- !u!28 &879368631
Texture2D:
  m_ObjectHideFlags: 0
  m_PrefabParentObject: {fileID: 0}
  m_PrefabInternal: {fileID: 0}
  m_Name: 
  m_ImageContentsHash:
    serializedVersion: 2
    Hash: 00000000000000000000000000000000
  m_ForcedFallbackFormat: 4
  m_DownscaleFallback: 0
  serializedVersion: 2
  m_Width: 1
  m_Height: 1
  m_CompleteImageSize: 4
  m_TextureFormat: 5
  m_MipCount: 1
  m_IsReadable: 1
  m_AlphaIsTransparency: 0
  m_ImageCount: 1
  m_TextureDimension: 2
  m_TextureSettings:
    serializedVersion: 2
    m_FilterMode: 1
    m_Aniso: 1
    m_MipBias: 0
    m_WrapU: 0
    m_WrapV: 0
    m_WrapW: 0
  m_LightmapFormat: 0
  m_ColorSpace: 1
  image data: 4
  _typelessdata: 00000000
  m_StreamData:
    offset: 0
    size: 0
    path: 
--- !u!84 &963301301
RenderTexture:
  m_ObjectHideFlags: 0
  m_PrefabParentObject: {fileID: 0}
  m_PrefabInternal: {fileID: 0}
  m_Name: 
  m_ImageContentsHash:
    serializedVersion: 2
    Hash: 00000000000000000000000000000000
  m_ForcedFallbackFormat: 4
  m_DownscaleFallback: 0
  m_Width: 829
  m_Height: 405
  m_AntiAliasing: 1
  m_DepthFormat: 2
  m_ColorFormat: 1
  m_MipMap: 0
  m_GenerateMips: 1
  m_SRGB: 1
  m_UseDynamicScale: 0
  m_BindMS: 0
  m_TextureSettings:
    serializedVersion: 2
    m_FilterMode: 1
    m_Aniso: 0
    m_MipBias: 0
    m_WrapU: 1
    m_WrapV: 1
    m_WrapW: 1
  m_Dimension: 2
  m_VolumeDepth: 1
--- !u!21 &1308363232
Material:
  serializedVersion: 6
  m_ObjectHideFlags: 0
  m_PrefabParentObject: {fileID: 0}
  m_PrefabInternal: {fileID: 0}
  m_Name: Hidden/CopyDepth
  m_Shader: {fileID: 4800000, guid: 0b0e46ec7783cff4586530fdc8a4e8d9, type: 3}
  m_ShaderKeywords: 
  m_LightmapFlags: 4
  m_EnableInstancingVariants: 0
  m_DoubleSidedGI: 0
  m_CustomRenderQueue: -1
  stringTagMap: {}
  disabledShaderPasses: []
  m_SavedProperties:
    serializedVersion: 3
    m_TexEnvs: []
    m_Floats: []
    m_Colors: []
--- !u!84 &1505519995
RenderTexture:
  m_ObjectHideFlags: 0
  m_PrefabParentObject: {fileID: 0}
  m_PrefabInternal: {fileID: 0}
  m_Name: 
  m_ImageContentsHash:
    serializedVersion: 2
    Hash: 00000000000000000000000000000000
  m_ForcedFallbackFormat: 4
  m_DownscaleFallback: 0
  m_Width: 829
  m_Height: 405
  m_AntiAliasing: 1
  m_DepthFormat: 0
  m_ColorFormat: 2
  m_MipMap: 0
  m_GenerateMips: 1
  m_SRGB: 1
  m_UseDynamicScale: 0
  m_BindMS: 0
  m_TextureSettings:
    serializedVersion: 2
    m_FilterMode: 1
    m_Aniso: 1
    m_MipBias: 0
    m_WrapU: 1
    m_WrapV: 1
    m_WrapW: 1
  m_Dimension: 2
  m_VolumeDepth: 1
--- !u!84 &1600256014
RenderTexture:
  m_ObjectHideFlags: 0
  m_PrefabParentObject: {fileID: 0}
  m_PrefabInternal: {fileID: 0}
  m_Name: 
  m_ImageContentsHash:
    serializedVersion: 2
    Hash: 00000000000000000000000000000000
  m_ForcedFallbackFormat: 4
  m_DownscaleFallback: 0
  m_Width: 829
  m_Height: 405
  m_AntiAliasing: 1
  m_DepthFormat: 0
  m_ColorFormat: 0
  m_MipMap: 0
  m_GenerateMips: 1
  m_SRGB: 1
  m_UseDynamicScale: 0
  m_BindMS: 0
  m_TextureSettings:
    serializedVersion: 2
    m_FilterMode: 1
    m_Aniso: 1
    m_MipBias: 0
    m_WrapU: 1
    m_WrapV: 1
    m_WrapW: 1
  m_Dimension: 2
  m_VolumeDepth: 1
--- !u!84 &1714761168
RenderTexture:
  m_ObjectHideFlags: 0
  m_PrefabParentObject: {fileID: 0}
  m_PrefabInternal: {fileID: 0}
  m_Name: 
  m_ImageContentsHash:
    serializedVersion: 2
    Hash: 00000000000000000000000000000000
  m_ForcedFallbackFormat: 4
  m_DownscaleFallback: 0
  m_Width: 829
  m_Height: 405
  m_AntiAliasing: 1
  m_DepthFormat: 0
  m_ColorFormat: 2
  m_MipMap: 0
  m_GenerateMips: 1
  m_SRGB: 1
  m_UseDynamicScale: 0
  m_BindMS: 0
  m_TextureSettings:
    serializedVersion: 2
    m_FilterMode: 1
    m_Aniso: 1
    m_MipBias: 0
    m_WrapU: 1
    m_WrapV: 1
    m_WrapW: 1
  m_Dimension: 2
  m_VolumeDepth: 1
--- !u!84 &1789240111
RenderTexture:
  m_ObjectHideFlags: 0
  m_PrefabParentObject: {fileID: 0}
  m_PrefabInternal: {fileID: 0}
  m_Name: 
  m_ImageContentsHash:
    serializedVersion: 2
    Hash: 00000000000000000000000000000000
  m_ForcedFallbackFormat: 4
  m_DownscaleFallback: 0
  m_Width: 829
  m_Height: 405
  m_AntiAliasing: 1
  m_DepthFormat: 0
  m_ColorFormat: 2
  m_MipMap: 0
  m_GenerateMips: 1
  m_SRGB: 1
  m_UseDynamicScale: 0
  m_BindMS: 0
  m_TextureSettings:
    serializedVersion: 2
    m_FilterMode: 1
    m_Aniso: 1
    m_MipBias: 0
    m_WrapU: 1
    m_WrapV: 1
    m_WrapW: 1
  m_Dimension: 2
  m_VolumeDepth: 1
--- !u!1 &1827437842
GameObject:
  m_ObjectHideFlags: 0
  m_PrefabParentObject: {fileID: 0}
  m_PrefabInternal: {fileID: 0}
  serializedVersion: 5
  m_Component:
  - component: {fileID: 1827437846}
  - component: {fileID: 1827437845}
  - component: {fileID: 1827437844}
  - component: {fileID: 1827437843}
  m_Layer: 0
  m_Name: Sphere
  m_TagString: Untagged
  m_Icon: {fileID: 0}
  m_NavMeshLayer: 0
  m_StaticEditorFlags: 0
  m_IsActive: 1
--- !u!23 &1827437843
MeshRenderer:
  m_ObjectHideFlags: 0
  m_PrefabParentObject: {fileID: 0}
  m_PrefabInternal: {fileID: 0}
  m_GameObject: {fileID: 1827437842}
  m_Enabled: 1
  m_CastShadows: 1
  m_ReceiveShadows: 1
  m_DynamicOccludee: 1
  m_MotionVectors: 1
  m_LightProbeUsage: 1
  m_ReflectionProbeUsage: 1
  m_Materials:
  - {fileID: 2100000, guid: 015c2f0f9f56ef0459e417c6319c167d, type: 2}
  m_StaticBatchInfo:
    firstSubMesh: 0
    subMeshCount: 0
  m_StaticBatchRoot: {fileID: 0}
  m_ProbeAnchor: {fileID: 0}
  m_LightProbeVolumeOverride: {fileID: 0}
  m_ScaleInLightmap: 1
  m_PreserveUVs: 1
  m_IgnoreNormalsForChartDetection: 0
  m_ImportantGI: 0
  m_StitchLightmapSeams: 0
  m_SelectedEditorRenderState: 3
  m_MinimumChartSize: 4
  m_AutoUVMaxDistance: 0.5
  m_AutoUVMaxAngle: 89
  m_LightmapParameters: {fileID: 0}
  m_SortingLayerID: 0
  m_SortingLayer: 0
  m_SortingOrder: 0
--- !u!135 &1827437844
SphereCollider:
  m_ObjectHideFlags: 0
  m_PrefabParentObject: {fileID: 0}
  m_PrefabInternal: {fileID: 0}
  m_GameObject: {fileID: 1827437842}
  m_Material: {fileID: 0}
  m_IsTrigger: 0
  m_Enabled: 1
  serializedVersion: 2
  m_Radius: 0.5
  m_Center: {x: 0, y: 0, z: 0}
--- !u!33 &1827437845
MeshFilter:
  m_ObjectHideFlags: 0
  m_PrefabParentObject: {fileID: 0}
  m_PrefabInternal: {fileID: 0}
  m_GameObject: {fileID: 1827437842}
  m_Mesh: {fileID: 10207, guid: 0000000000000000e000000000000000, type: 0}
--- !u!4 &1827437846
Transform:
  m_ObjectHideFlags: 0
  m_PrefabParentObject: {fileID: 0}
  m_PrefabInternal: {fileID: 0}
  m_GameObject: {fileID: 1827437842}
  m_LocalRotation: {x: 0, y: 0, z: 0, w: 1}
  m_LocalPosition: {x: -0.74, y: 0.5462132, z: -5.42}
  m_LocalScale: {x: 1, y: 1, z: 1}
  m_Children: []
  m_Father: {fileID: 0}
  m_RootOrder: 1
  m_LocalEulerAnglesHint: {x: 0, y: 0, z: 0}
